{"btc_usd":[{"type":"bid","price":22118.39998,"amount":0.00013563,"tid":205305363,"timestamp":1656154957},{"type":"bid","price":22118.1,"amount":0.00065522,"tid":205305362,"timestamp":1656154723},{"type":"bid","price":22118.19999,"amount":0.00216144,"tid":205305361,"timestamp":1656154720},{"type":"bid","price":22118.19999,"amount":0.00026546,"tid":205305360,"timestamp":1656154720},{"type":"bid","price":22118.19999,"amount":0.00042554,"tid":205305359,"timestamp":1656154720},{"type":"bid","price":22118.19999,"amount":0.00027018,"tid":205305358,"timestamp":1656154720},{"type":"bid","price":22118.19999,"amount":0.00023479,"tid":205305357,"timestamp":1656154720},{"type":"bid","price":22118.19999,"amount":0.0004654,"tid":205305356,"timestamp":1656154720},{"type":"bid","price":22118.19999,"amount":0.00047178,"tid":205305355,"timestamp":1656154720},{"type":"bid","price":22118.19999,"amount":0.00015085,"tid":205305354,"timestamp":1656154720},{"type":"bid","price":22118.19999,"amount":0.00025975,"tid":205305353,"timestamp":1656154720},{"type":"bid","price":22118.19999,"amount":0.00017572,"tid":205305352,"timestamp":1656154720},{"type":"bid","price":22118.19999,"amount":0.00020823,"tid":205305351,"timestamp":1656154719},{"type":"bid","price":22118.19999,"amount":0.00040295,"tid":205305350,"timestamp":1656154719},{"type":"bid","price":22118.19999,"amount":0.00097876,"tid":205305349,"timestamp":1656154719},{"type":"bid","price":22118.19999,"amount":0.00111096,"tid":205305348,"timestamp":1656154719},{"type":"bid","price":22118.19998,"amount":0.00030005,"tid":205305347,"timestamp":1656154718},{"type":"bid","price":22118.19998,"amount":0.00057728,"tid":205305346,"timestamp":1656154718},{"type":"bid","price":22118.19998,"amount":0.00042082,"tid":205305345,"timestamp":1656154717},{"type":"ask","price":21912.40001,"amount":0.000502,"tid":205305344,"timestamp":1656154506},{"type":"ask","price":21911.90005,"amount":0.00183024,"tid":205305343,"timestamp":1656154313},{"type":"ask","price":21911.90005,"amount":0.01932776,"tid":205305342,"timestamp":1656154313},{"type":"ask","price":21912,"amount":0.0015,"tid":205305341,"timestamp":1656154313},{"type":"ask","price":21910.60002,"amount":0.0008,"tid":205305340,"timestamp":1656153625},{"type":"bid","price":22118.99999,"amount":0.00013441,"tid":205305339,"timestamp":1656153374},{"type":"bid","price":22119,"amount":0.00180157,"tid":205305338,"timestamp":1656152554},{"type":"bid","price":22118.9,"amount":0.00050293,"tid":205305337,"timestamp":1656152514},{"type":"bid","price":22118.9,"amount":0.00026332,"tid":205305336,"timestamp":1656152126},{"type":"bid","price":22118.9,"amount":0.00026332,"tid":205305335,"timestamp":1656152123},{"type":"bid","price":22118.9,"amount":0.00026332,"tid":205305334,"timestamp":1656152117},{"type":"ask","price":21904.70005001,"amount":0.00011558,"tid":205305333,"timestamp":1656150881},{"type":"ask","price":22118.9,"amount":0.00020711,"tid":205305332,"timestamp":1656150530},{"type":"bid","price":22118.9,"amount":0.00010484,"tid":205305331,"timestamp":1656150529},{"type":"bid","price":21903.9,"amount":0.0013475,"tid":205305330,"timestamp":1656150504},{"type":"ask","price":21903.9,"amount":0.0015,"tid":205305329,"timestamp":1656150504},{"type":"ask","price":21899.1,"amount":0.00010484,"tid":205305328,"timestamp":1656148104},{"type":"ask","price":22119.6,"amount":0.00570471,"tid":205305327,"timestamp":1656148012},{"type":"ask","price":22119.6,"amount":0.00015,"tid":205305326,"timestamp":1656147836},{"type":"bid","price":22119.6,"amount":0.00134084,"tid":205305325,"timestamp":1656147582},{"type":"bid","price":22119.6,"amount":0.00015916,"tid":205305324,"timestamp":1656147433},{"type":"ask","price":21899,"amount":0.00194072,"tid":205305323,"timestamp":1656146844},{"type":"ask","price":21899.80000002,"amount":0.0002394,"tid":205305322,"timestamp":1656146844},{"type":"ask","price":21899.9,"amount":0.0015,"tid":205305321,"timestamp":1656146844},{"type":"bid","price":22119.6999,"amount":0.00219984,"tid":205305320,"timestamp":1656146138},{"type":"bid","price":22117.09995999,"amount":0.00113269,"tid":205305319,"timestamp":1656146138},{"type":"bid","price":22116.89898,"amount":0.00486817,"tid":205305318,"timestamp":1656146138},{"type":"bid","price":22116.89897,"amount":0.01870912,"tid":205305317,"timestamp":1656146138},{"type":"bid","price":22116.89897,"amount":0.00115592,"tid":205305316,"timestamp":1656146138},{"type":"bid","price":22116.8,"amount":0.00103747,"tid":205305315,"timestamp":1656146138},{"type":"bid","price":22117,"amount":0.00015991,"tid":205305314,"timestamp":1656145309},{"type":"bid","price":22117.79999,"amount":0.0001128,"tid":205305313,"timestamp":1656144945},{"type":"bid","price":22117.89996,"amount":0.0001128,"tid":205305312,"timestamp":1656144938},{"type":"bid","price":22117.89997,"amount":0.0001128,"tid":205305311,"timestamp":1656144937},{"type":"bid","price":22118.99998,"amount":0.00025167,"tid":205305310,"timestamp":1656144437},{"type":"ask","price":21851.30007002,"amount":0.00136,"tid":205305309,"timestamp":1656144221},{"type":"bid","price":22119.59996,"amount":0.00079794,"tid":205305308,"timestamp":1656143620},{"type":"bid","price":22095.51533997,"amount":0.00012256,"tid":205305307,"timestamp":1656143620},{"type":"bid","price":22095.4,"amount":0.00044144,"tid":205305306,"timestamp":1656143578},{"type":"bid","price":22095.4,"amount":0.00010875,"tid":205305305,"timestamp":1656143562},{"type":"bid","price":22095.31431997,"amount":0.00012256,"tid":205305304,"timestamp":1656143539},{"type":"bid","price":22094.49999,"amount":0.00196565,"tid":205305303,"timestamp":1656143469},{"type":"bid","price":22094.4,"amount":0.0015,"tid":205305302,"timestamp":1656143469},{"type":"bid","price":22000,"amount":0.00466997,"tid":205305301,"timestamp":1656143391},{"type":"bid","price":22000,"amount":0.00085682,"tid":205305300,"timestamp":1656143361},{"type":"bid","price":22095.2,"amount":0.00031126,"tid":205305299,"timestamp":1656143016},{"type":"bid","price":22095.2,"amount":0.00031126,"tid":205305298,"timestamp":1656143011},{"type":"bid","price":22095.2,"amount":0.0001887,"tid":205305297,"timestamp":1656143009},{"type":"bid","price":22050.15045135,"amount":0.00012256,"tid":205305296,"timestamp":1656143009},{"type":"bid","price":21984.19932998,"amount":0.03968912,"tid":205305295,"timestamp":1656141672},{"type":"bid","price":21984.19932998,"amount":0.01218124,"tid":205305294,"timestamp":1656141659},{"type":"bid","price":21984.1,"amount":0.0015,"tid":205305293,"timestamp":1656141658},{"type":"bid","price":21984.19932998,"amount":0.00081868,"tid":205305292,"timestamp":1656141485},{"type":"bid","price":21984.19932998,"amount":0.00027093,"tid":205305291,"timestamp":1656141485},{"type":"bid","price":21984.19932998,"amount":0.00081867,"tid":205305290,"timestamp":1656141485},{"type":"bid","price":21984.19932998,"amount":0.00081867,"tid":205305289,"timestamp":1656141485},{"type":"bid","price":21984.19932998,"amount":0.00081867,"tid":205305288,"timestamp":1656141484},{"type":"bid","price":21984.19932998,"amount":0.00081868,"tid":205305287,"timestamp":1656141484},{"type":"bid","price":21984.19932998,"amount":0.00060981,"tid":205305286,"timestamp":1656141484},{"type":"bid","price":21984.1,"amount":0.00020887,"tid":205305285,"timestamp":1656141484},{"type":"bid","price":21984.1,"amount":0.00002113,"tid":205305284,"timestamp":1656141484},{"type":"bid","price":21983.3,"amount":0.00015254,"tid":205305283,"timestamp":1656141484},{"type":"bid","price":21983.29999999,"amount":0.00138384,"tid":205305282,"timestamp":1656141484},{"type":"bid","price":21983.2,"amount":0.00071025,"tid":205305281,"timestamp":1656141484},{"type":"bid","price":21983.2,"amount":0.00017505,"tid":205305280,"timestamp":1656141484},{"type":"bid","price":21983.2,"amount":0.00040825,"tid":205305279,"timestamp":1656141484},{"type":"bid","price":21983.2,"amount":0.00020645,"tid":205305278,"timestamp":1656141483},{"type":"ask","price":21983.2,"amount":0.00015072,"tid":205305277,"timestamp":1656141131},{"type":"bid","price":21983.2,"amount":0.00008595,"tid":205305276,"timestamp":1656141106},{"type":"bid","price":21983.2,"amount":0.00141405,"tid":205305275,"timestamp":1656141102},{"type":"ask","price":21724.50003,"amount":0.00553518,"tid":205305274,"timestamp":1656141089},{"type":"bid","price":21983.2,"amount":0.00037802,"tid":205305273,"timestamp":1656140802},{"type":"bid","price":21983.4,"amount":0.00091247,"tid":205305272,"timestamp":1656139422},{"type":"bid","price":21724.11,"amount":0.00020569,"tid":205305271,"timestamp":1656139374},{"type":"bid","price":21724.11,"amount":0.000386,"tid":205305270,"timestamp":1656139365},{"type":"bid","price":21724.11,"amount":0.00048116,"tid":205305269,"timestamp":1656139361},{"type":"ask","price":21724.11,"amount":0.00015254,"tid":205305268,"timestamp":1656139359},{"type":"bid","price":21724.00000001,"amount":0.00272018,"tid":205305267,"timestamp":1656137237},{"type":"bid","price":21724.00000001,"amount":0.00233469,"tid":205305266,"timestamp":1656137229},{"type":"bid","price":21724.00000001,"amount":0.02479157,"tid":205305265,"timestamp":1656137227},{"type":"bid","price":21724.00000001,"amount":0.02161354,"tid":205305264,"timestamp":1656137227},{"type":"bid","price":21724.00000001,"amount":0.00050447,"tid":205305263,"timestamp":1656137227},{"type":"ask","price":21724.00000001,"amount":0.05216347,"tid":205305262,"timestamp":1656137227},{"type":"ask","price":21726.20006,"amount":0.00019035,"tid":205305261,"timestamp":1656137226},{"type":"ask","price":21730.20010002,"amount":0.00069746,"tid":205305260,"timestamp":1656137226},{"type":"ask","price":21730.3,"amount":0.0015,"tid":205305259,"timestamp":1656137226},{"type":"bid","price":21984.1,"amount":0.00049936,"tid":205305258,"timestamp":1656132520},{"type":"bid","price":21984.19932998,"amount":0.01584562,"tid":205305257,"timestamp":1656131160},{"type":"bid","price":21984.19932997,"amount":0.00138512,"tid":205305256,"timestamp":1656131160},{"type":"bid","price":21984.19932998,"amount":0.00016004,"tid":205305255,"timestamp":1656130428},{"type":"bid","price":21984.19932998,"amount":0.00074654,"tid":205305254,"timestamp":1656128894},{"type":"bid","price":21984.19932998,"amount":0.00147607,"tid":205305253,"timestamp":1656128011},{"type":"bid","price":21984.19182998,"amount":0.00436225,"tid":205305252,"timestamp":1656128011},{"type":"bid","price":21984.19184998,"amount":0.00124464,"tid":205305251,"timestamp":1656127961},{"type":"bid","price":21984.19183998,"amount":0.00278163,"tid":205305250,"timestamp":1656127961},{"type":"ask","price":21721.40858057,"amount":0.00012461,"tid":205305249,"timestamp":1656123624},{"type":"ask","price":21721.5482138,"amount":0.00000328,"tid":205305248,"timestamp":1656123624},{"type":"ask","price":21721.5482138,"amount":0.0001,"tid":205305247,"timestamp":1656119635},{"type":"bid","price":21984.19681938,"amount":0.00021339,"tid":205305246,"timestamp":1656119487},{"type":"ask","price":21721.54741358,"amount":0.00374698,"tid":205305245,"timestamp":1656118310},{"type":"ask","price":21721.54750373,"amount":0.0021599,"tid":205305244,"timestamp":1656118309},{"type":"bid","price":21984.19929998,"amount":0.00015949,"tid":205305243,"timestamp":1656117132},{"type":"bid","price":21984.19929998,"amount":0.00015949,"tid":205305242,"timestamp":1656117126},{"type":"bid","price":21984.19929998,"amount":0.00015949,"tid":205305241,"timestamp":1656117120},{"type":"bid","price":21984.19929998,"amount":0.00015949,"tid":205305240,"timestamp":1656117113},{"type":"bid","price":21984.19929998,"amount":0.00015949,"tid":205305239,"timestamp":1656117108},{"type":"bid","price":21984.19929998,"amount":0.00015949,"tid":205305238,"timestamp":1656117102},{"type":"bid","price":21984.19929998,"amount":0.00015949,"tid":205305237,"timestamp":1656117096},{"type":"bid","price":21984.19929998,"amount":0.00015949,"tid":205305236,"timestamp":1656117089},{"type":"bid","price":21984.19929998,"amount":0.00015949,"tid":205305235,"timestamp":1656117084},{"type":"bid","price":21984.19929998,"amount":0.00015949,"tid":205305234,"timestamp":1656117078},{"type":"bid","price":21984.19929998,"amount":0.00015949,"tid":205305233,"timestamp":1656117072},{"type":"bid","price":21984.19929998,"amount":0.00015949,"tid":205305232,"timestamp":1656117066},{"type":"bid","price":21984.19929998,"amount":0.00015949,"tid":205305231,"timestamp":1656117060},{"type":"bid","price":21984.19929998,"amount":0.00015949,"tid":205305230,"timestamp":1656117052},{"type":"bid","price":21984.19929998,"amount":0.00015949,"tid":205305229,"timestamp":1656117045},{"type":"ask","price":21721.52454247,"amount":0.00025906,"tid":205305228,"timestamp":1656116209},{"type":"ask","price":21721.52454247,"amount":0.00025906,"tid":205305227,"timestamp":1656116207},{"type":"ask","price":21721.52444232,"amount":0.00025906,"tid":205305226,"timestamp":1656116203},{"type":"ask","price":21721.52410187,"amount":0.00025857,"tid":205305225,"timestamp":1656116165},{"type":"ask","price":21721.52410187,"amount":0.00000573,"tid":205305224,"timestamp":1656116164},{"type":"ask","price":21721.52410188,"amount":0.00025284,"tid":205305223,"timestamp":1656116164},{"type":"ask","price":21721.52410188,"amount":0.00025857,"tid":205305222,"timestamp":1656116160},{"type":"ask","price":21721.52110731,"amount":0.00011543,"tid":205305221,"timestamp":1656115910},{"type":"bid","price":21984.19931998,"amount":0.00011349,"tid":205305220,"timestamp":1656115343},{"type":"bid","price":21984.19931998,"amount":0.00011349,"tid":205305219,"timestamp":1656115341},{"type":"bid","price":21984.19931998,"amount":0.00011349,"tid":205305218,"timestamp":1656115340},{"type":"bid","price":21984.19931998,"amount":0.00011152,"tid":205305217,"timestamp":1656113380},{"type":"bid","price":21984.19926997,"amount":0.00014446,"tid":205305216,"timestamp":1656112787},{"type":"bid","price":21984.19926997,"amount":0.0052446,"tid":205305215,"timestamp":1656112181},{"type":"bid","price":21984.19925997,"amount":0.00029352,"tid":205305214,"timestamp":1656111813}]}